@article{linuxmag249, 
    title = {The new Python match}, 
    author = {Scott Sumner}, 
    journal = {Linux Magazine},
    number          = {249},
    year = {2021}, 
    url = {https://www.linux-magazine.com/Issues/2021/249/Python-match/(tagID)/32},
    }

@article{pythonpep636,
  author          = {Daniel F Moisset},
  journal         = {Python Enhancement Proposals},
  number          = {636},
  title           = {Structural Pattern Matching: Tutorial},
  url          = {https://peps.python.org/pep-0636/},
  year            = {2020}
}